% Temporary entry: MET+tW
%@article{ATLAS:2022znu,
%    author = "{ATLAS Collaboration}",
%    title = "{Search for dark matter produced in association with a single top quark and an energetic $W$ boson in $\sqrt{s}=$ 13 TeV $pp$ collisions with the ATLAS detector}",
%    eprint = "2211.13138",
%    archivePrefix = "arXiv",
%    primaryClass = "hep-ex",
%    reportNumber = "CERN-EP-2022-146",
%    month = "11",
%    year = "2022"
%}

% Temporary entry: MET+h(tautau)
@article{HDBS-2018-50,
    author = "{ATLAS Collaboration}",
    collaboration = "ATLAS",
    title = "{Search for dark matter produced in association with a Higgs boson decaying to tau leptons at $\sqrt{s}=13$ TeV with the ATLAS detector}",
    eprint = "2305.12938",
    archivePrefix = "arXiv",
    primaryClass = "hep-ex",
    reportNumber = "CERN-EP-2023-072",
    month = "5",
    year = "2023"
}

% Temporary entry: h(inv)
@article{HIGG-2021-05,
    author = "{ATLAS Collaboration}",
    title = "{Combination of searches for invisible decays of the Higgs boson using 139 fb$^{-1}$ of proton-proton collision data at $\sqrt{s} = 13$ TeV collected with the ATLAS experiment}",
    eprint = "2301.10731",
    archivePrefix = "arXiv",
    primaryClass = "hep-ex",
    reportNumber = "CERN-EP-2022-289",
    month = "1",
    year = "2023"
}

% DM evidence
@article{Corbelli:1999af,
    author = "Corbelli, Edvige and Salucci, Paolo",
    title = "{The Extended Rotation Curve and the Dark Matter Halo of M33}",
    eprint = "astro-ph/9909252",
    archivePrefix = "arXiv",
    doi = "10.1046/j.1365-8711.2000.03075.x",
    journal = "Mon. Not. Roy. Astron. Soc.",
    volume = "311",
    pages = "441--447",
    year = "2000"
}

@article{Rubin:1980,
    author = " Rubin, V. C. and others",
    title = "{Rotational properties of 21 SC galaxies with a large range of luminosities and radii, from NGC 4605 (R=4kpc) to UGC 2885 (R=122kpc)}",
    journal = "Astrophysical Journal",
    volume = "238",
    pages = "471--487 ",
    year = "1980"
}

@article{Begemann:1991,
    author = "Begeman, K. G. and Broeils, A. H. and Sanders, R. H.",
    title = "{Extended rotation curves of spiral galaxies: Dark haloes and modified dynamics}",
    doi = "10.1093/mnras/249.3.523",
    journal = "MNRAS",
    volume = "249",
    pages = "523",
    year = "1991"
}

@article{Trimble1987,
author = {Trimble, Virginia},
title = {Existence and Nature of Dark Matter in the Universe},
journal = {Ann. Rev. Astron. Astrophys.},
volume = {25},
number = {1},
pages = {425-472},
year = {1987},
doi = {10.1146/annurev.aa.25.090187.002233},
}

@article{Bertone2005,
   author = "Bertone, G. and Hooper, D. and Silk, J.",
   title={Particle dark matter: evidence, candidates and constraints},
   volume={405},
   xISSN={0370-1573},
   xurl={http://dx.doi.org/10.1016/j.physrep.2004.08.031},
   doi={10.1016/j.physrep.2004.08.031},
   number={5-6},
   journal={Phys. Rept.},
   publisher={Elsevier BV},
   year={2005},
   month={1},
   pages={279–390}
}

@article{Feng2010,
   title={Dark Matter Candidates from Particle Physics and Methods of Detection},
   volume={48},
   xISSN={1545-4282},
   xurl={http://dx.doi.org/10.1146/annurev-astro-082708-101659},
   doi={10.1146/annurev-astro-082708-101659},
   number={1},
   journal={Ann. Rev. Astron. Astrophys.},
   publisher={Annual Reviews},
   author={Feng, Jonathan L.},
   year={2010},
   month={8},
   pages={495–545}
}

@article{Hinshaw:2012aka,
      author         = "Hinshaw, G. and others",
      title          = "{Nine-Year Wilkinson Microwave Anisotropy Probe (WMAP)
                        Observations: Cosmological Parameter Results}",
      collaboration  = "WMAP",
      journal        = "Astrophys. J. Suppl.",
      volume         = "208",
      year           = "2013",
      pages          = "19",
      doi            = "10.1088/0067-0049/208/2/19",
      eprint         = "1212.5226",
      archivePrefix  = "arXiv",
      primaryClass   = "astro-ph.CO",
      SLACcitation   = "%%CITATION = ARXIV:1212.5226;%%"
}

@article{Akrami:2018vks,
    author = "{Planck Collaboration}",
    collaboration = "Planck",
    title = "{Planck 2018 results. I. Overview and the cosmological legacy of Planck}",
    eprint = "1807.06205",
    archivePrefix = "arXiv",
    primaryClass = "astro-ph.CO",
    doi = "10.1051/0004-6361/201833880",
    journal = "Astron. Astrophys.",
    volume = "641",
    pages = "A1",
    year = "2020"
}

% DM candidates
@article{Feng:2010gw,
    author = "Feng, Jonathan L.",
    title = "{Dark Matter Candidates from Particle Physics and Methods of Detection}",
    eprint = "1003.0904",
    archivePrefix = "arXiv",
    primaryClass = "astro-ph.CO",
    reportNumber = "UCI-TR-2009-13",
    doi = "10.1146/annurev-astro-082708-101659",
    journal = "Ann. Rev. Astron. Astrophys.",
    volume = "48",
    pages = "495--545",
    year = "2010"
}

@article{Bertone:2004pz,
    author = "Bertone, Gianfranco and Hooper, Dan and Silk, Joseph",
    title = "{Particle dark matter: Evidence, candidates and constraints}",
    eprint = "hep-ph/0404175",
    archivePrefix = "arXiv",
    reportNumber = "FERMILAB-PUB-04-047-A",
    doi = "10.1016/j.physrep.2004.08.031",
    journal = "Phys. Rept.",
    volume = "405",
    pages = "279--390",
    year = "2005"
}

% SUSY references
@article{Golfand:1971iw,
    author = "Golfand, Yu. A. and Likhtman, E. P.",
    title = "{Extension of the Algebra of Poincare Group Generators and Violation of p Invariance}",
    journal = "JETP Lett.",
    volume = "13",
    pages = "323--326",
    year = "1971"
}

@article{Volkov:1973ix,
    author = "Volkov, D. V. and Akulov, V. P.",
    title = "{Is the Neutrino a Goldstone Particle?}",
    doi = "10.1016/0370-2693(73)90490-5",
    journal = "Phys. Lett. B",
    volume = "46",
    pages = "109--110",
    year = "1973"
}

@article{Wess:1974tw,
    author = "Wess, J. and Zumino, B.",
    editor = "Salam, A. and Sezgin, E.",
    title = "{Supergauge Transformations in Four-Dimensions}",
    doi = "10.1016/0550-3213(74)90355-1",
    journal = "Nucl. Phys. B",
    volume = "70",
    pages = "39--50",
    year = "1974"
}

@article{Wess:1974jb,
    author = "Wess, J. and Zumino, B.",
    title = "{Supergauge Invariant Extension of Quantum Electrodynamics}",
    reportNumber = "CERN-TH-1857",
    doi = "10.1016/0550-3213(74)90112-6",
    journal = "Nucl. Phys. B",
    volume = "78",
    pages = "1",
    year = "1974"
}

@article{Ferrara:1974pu,
    author = "Ferrara, S. and Zumino, B.",
    title = "{Supergauge Invariant Yang-Mills Theories}",
    reportNumber = "CERN-TH-1866",
    doi = "10.1016/0550-3213(74)90559-8",
    journal = "Nucl. Phys. B",
    volume = "79",
    pages = "413",
    year = "1974"
}

@article{Salam:1974ig,
    author = "Salam, Abdus and Strathdee, J. A.",
    title = "{Supersymmetry and Nonabelian Gauges}",
    reportNumber = "IC/74/36",
    doi = "10.1016/0370-2693(74)90226-3",
    journal = "Phys. Lett. B",
    volume = "51",
    pages = "353--355",
    year = "1974"
}

% Baryogenesis and 2HDMs
@article{Dorsch:2016nrg,
    author = "Dorsch, G. C. and Huber, S. J. and Konstandin, T. and No, J. M.",
    title = "{A Second Higgs Doublet in the Early Universe: Baryogenesis and Gravitational Waves}",
    eprint = "1611.05874",
    archivePrefix = "arXiv",
    primaryClass = "hep-ph",
    reportNumber = "DESY-16-213",
    doi = "10.1088/1475-7516/2017/05/052",
    journal = "JCAP",
    volume = "05",
    pages = "052",
    year = "2017"
}

@article{McLerran:1990zh,
    author = "McLerran, Larry D. and Shaposhnikov, Mikhail E. and Turok, Neil and Voloshin, Mikhail B.",
    title = "{Why the baryon asymmetry of the universe is approximately $10^{-10}$}",
    reportNumber = "PUPT-90-1224, TPI-90-63T",
    doi = "10.1016/0370-2693(91)91794-V",
    journal = "Phys. Lett. B",
    volume = "256",
    pages = "451--456",
    year = "1991"
}

@article{Turok:1990zg,
    author = "Turok, Neil and Zadrozny, John",
    title = "{Electroweak baryogenesis in the two doublet model}",
    reportNumber = "PUPT-90-1216",
    doi = "10.1016/0550-3213(91)90356-3",
    journal = "Nucl. Phys. B",
    volume = "358",
    pages = "471--493",
    year = "1991"
}

@article{Cohen:1991iu,
    author = "Cohen, Andrew G. and Kaplan, D. B. and Nelson, A. E.",
    title = "{Spontaneous baryogenesis at the weak phase transition}",
    reportNumber = "UCSD-PTH-91-11, BUHEP-91-5",
    doi = "10.1016/0370-2693(91)91711-4",
    journal = "Phys. Lett. B",
    volume = "263",
    pages = "86--92",
    year = "1991"
}

@article{Cline:1996mga,
    author = "Cline, James M. and Lemieux, Pierre-Anthony",
    title = "{Electroweak phase transition in two Higgs doublet models}",
    eprint = "hep-ph/9609240",
    archivePrefix = "arXiv",
    reportNumber = "MCGILL-96-16",
    doi = "10.1103/PhysRevD.55.3873",
    journal = "Phys. Rev. D",
    volume = "55",
    pages = "3873--3881",
    year = "1997"
}

@article{Fromme:2006cm,
    author = "Fromme, Lars and Huber, Stephan J. and Seniuch, Michael",
    title = "{Baryogenesis in the two-Higgs doublet model}",
    eprint = "hep-ph/0605242",
    archivePrefix = "arXiv",
    reportNumber = "CERN-PH-TH-2006-094, BI-TP-2006-18",
    doi = "10.1088/1126-6708/2006/11/038",
    journal = "JHEP",
    volume = "11",
    pages = "038",
    year = "2006"
}

@article{Cline:2011mm,
    author = "Cline, James M. and Kainulainen, Kimmo and Trott, Michael",
    title = "{Electroweak Baryogenesis in Two Higgs Doublet Models and B meson anomalies}",
    eprint = "1107.3559",
    archivePrefix = "arXiv",
    primaryClass = "hep-ph",
    doi = "10.1007/JHEP11(2011)089",
    journal = "JHEP",
    volume = "11",
    pages = "089",
    year = "2011"
}

% Axion and 2HDMs
@article{Kim:1986ax,
    author = "Kim, Jihn E.",
    title = "{Light Pseudoscalars, Particle Physics and Cosmology}",
    reportNumber = "SNUHE-86-09",
    doi = "10.1016/0370-1573(87)90017-2",
    journal = "Phys. Rept.",
    volume = "150",
    pages = "1--177",
    year = "1987"
}

% Axions
@article{Georgi:165431,
      author        = "Georgi, Howard M and Kaplan, D B and Randall, Lisa",
      title         = "{Manifesting the invisible axion at low energies}",
      reportNumber  = "HUTP-86-A-004",
      journal       = "Phys. Lett. B",
      volume        = "169",
      pages         = "73",
      year          = "1986",
      doi           = "https://doi.org/10.1016/0370-2693(86)90688-X",
      xurl           = "https://cds.cern.ch/record/165431",
}

@article{Choi:1986zw,
    author = "Choi, Kiwoon and Kang, Kyungsik and Kim, Jihn E.",
    title = "{Effects of $\eta^\prime$ in Low-energy Axion Physics}",
    reportNumber = "BROWN-HET-593, SNUHE 86/05",
    doi = "10.1016/0370-2693(86)91273-6",
    journal = "Phys. Lett. B",
    volume = "181",
    pages = "145--149",
    year = "1986"
}

@article{Preskill:1982cy,
    author = "Preskill, John and Wise, Mark B. and Wilczek, Frank",
    editor = "Srednicki, M. A.",
    title = "{Cosmology of the Invisible Axion}",
    reportNumber = "HUTP-82-A048, NSF-ITP-82-103",
    doi = "10.1016/0370-2693(83)90637-8",
    journal = "Phys. Lett. B",
    volume = "120",
    pages = "127--132",
    year = "1983"
}

@article{Abbott:1982af,
    author = "Abbott, L. F. and Sikivie, P.",
    editor = "Srednicki, M. A.",
    title = "{A Cosmological Bound on the Invisible Axion}",
    reportNumber = "PRINT-82-0695 (BRANDEIS)",
    doi = "10.1016/0370-2693(83)90638-X",
    journal = "Phys. Lett. B",
    volume = "120",
    pages = "133--136",
    year = "1983"
}

@article{Dine:1982ah,
    author = "Dine, Michael and Fischler, Willy",
    editor = "Srednicki, M. A.",
    title = "{The Not So Harmless Axion}",
    reportNumber = "UPR-0201T",
    doi = "10.1016/0370-2693(83)90639-1",
    journal = "Phys. Lett. B",
    volume = "120",
    pages = "137--141",
    year = "1983"
}

% Early universe
@book{Kolb:1990vq,
    author = "Kolb, Edward W. and Turner, Michael S.",
    title = "{The Early Universe}",
    reportNumber = "FERMILAB-BOOK-1990-01",
    doi = "10.1201/9780429492860",
    isbn = "978-0-201-62674-2",
    volume = "69",
    year = "1990"
}

% WIMP miracle
@article{Steigman:1984ac,
    author = "Steigman, Gary and Turner, Michael S.",
    title = "{Cosmological Constraints on the Properties of Weakly Interacting Massive Particles}",
    reportNumber = "FERMILAB-PUB-84-110-A, BA-84-33",
    doi = "10.1016/0550-3213(85)90537-1",
    journal = "Nucl. Phys. B",
    volume = "253",
    pages = "375--386",
    year = "1985"
}

% Simplified s-channel model
@article{Buckley:2014fba,
    author = "Buckley, Matthew R. and Feld, David and Goncalves, Dorival",
    title = "{Scalar Simplified Models for Dark Matter}",
    eprint = "1410.6497",
    archivePrefix = "arXiv",
    primaryClass = "hep-ph",
    reportNumber = "IPPP-14-92, DCPT-14-184",
    doi = "10.1103/PhysRevD.91.015017",
    journal = "Phys. Rev. D",
    volume = "91",
    pages = "015017",
    year = "2015"
}

% 2HDM+a pheno paper
@article{Bauer:2017ota,
      author         = "Bauer, Martin and Haisch, Ulrich and Kahlhoefer, Felix",
      title          = "{Simplified dark matter models with two Higgs doublets:
                        I. Pseudoscalar mediators}",
      journal        = "JHEP",
      volume         = "05",
      year           = "2017",
      pages          = "138",
      doi            = "10.1007/JHEP05(2017)138",
      eprint         = "1701.07427",
      archivePrefix  = "arXiv",
      primaryClass   = "hep-ph",
      reportNumber   = "CERN-TH-2017-011, DESY-17-010",
      SLACcitation   = "%%CITATION = ARXIV:1701.07427;%%"
}

% 2HDM+a whitepaper
@article{2HDMWGproxi,
    author = "Abe, Tomohiro and others",
    collaboration = "LHC Dark Matter Working Group",
    title = "{LHC Dark Matter Working Group: Next-generation spin-0 dark matter models}",
    eprint = "1810.09420",
    archivePrefix = "arXiv",
    primaryClass = "hep-ex",
    reportNumber = "CERN-LPCC-2018-02",
    doi = "10.1016/j.dark.2019.100351",
    journal = "Phys. Dark Univ.",
    volume = "27",
    pages = "100351",
    year = "2020"
}

% DM Forum Recommendations
@article{Abercrombie:2015wmb,
    author = "Abercrombie, Daniel and others",
    editor = "Boveia, Antonio and Doglioni, Caterina and Lowette, Steven and Malik, Sarah and Mrenna, Stephen",
    title = "{Dark Matter benchmark models for early LHC Run-2 Searches: Report of the ATLAS/CMS Dark Matter Forum}",
    eprint = "1507.00966",
    archivePrefix = "arXiv",
    primaryClass = "hep-ex",
    reportNumber = "FERMILAB-PUB-15-282-CD",
    doi = "10.1016/j.dark.2019.100371",
    journal = "Phys. Dark Univ.",
    volume = "27",
    pages = "100371",
    year = "2020"
}

@article{Boveia:2016mrp,
    author = "Boveia, Antonio and others",
    editor = "Buchmueller, Oliver and Doglioni, Caterina and Hahn, Kristian and Haisch, Ulrich and Kahlhoefer, Felix and Mangano, Michelangelo and McCabe, Christopher and Tait, Tim M. P.",
    title = "{Recommendations on presenting LHC searches for missing transverse energy signals using simplified $s$-channel models of dark matter}",
    eprint = "1603.04156",
    archivePrefix = "arXiv",
    primaryClass = "hep-ex",
    reportNumber = "CERN-LPCC-2016-001",
    doi = "10.1016/j.dark.2019.100365",
    journal = "Phys. Dark Univ.",
    volume = "27",
    pages = "100365",
    year = "2020"
}

@article{Albert:2017onk,
    author = "Albert, Andreas and others",
    title = "{Recommendations of the LHC Dark Matter Working Group: Comparing LHC searches for dark matter mediators in visible and invisible decay channels and calculations of the thermal relic density}",
    eprint = "1703.05703",
    archivePrefix = "arXiv",
    primaryClass = "hep-ex",
    reportNumber = "CERN-LPCC-2017-01",
    doi = "10.1016/j.dark.2019.100377",
    journal = "Phys. Dark Univ.",
    volume = "26",
    pages = "100377",
    year = "2019"
}

% Heavy Higgs searches with ttZ and tbW
@article{Haisch:2018djm,
  author        = {Haisch, Ulrich and Polesello, Giacomo},
  title         = {{Searching for heavy Higgs bosons in the $t \bar t Z$ and $t b W$ final states}},
  eprint        = {1807.07734},
  archiveprefix = {arXiv},
  primaryclass  = {hep-ph},
  reportnumber  = {CERN-TH-2018-155},
  doi           = {10.1007/JHEP09(2018)151},
  journal       = {JHEP},
  volume        = {09},
  pages         = {151},
  year          = {2018}
}

% Charged-Higgs mass bounds from Belle
@article{Misiak:2017bgg,
    author = "Misiak, Mikolaj and Steinhauser, Matthias",
    title = "{Weak radiative decays of the B meson and bounds on $M_{H^\pm }$ in the Two-Higgs-Doublet Model}",
    eprint = "1702.04571",
    archivePrefix = "arXiv",
    primaryClass = "hep-ph",
    reportNumber = "TTP17-004, IFT-1-2017",
    doi = "10.1140/epjc/s10052-017-4776-y",
    journal = "Eur. Phys. J. C",
    volume = "77",
    number = "3",
    pages = "201",
    year = "2017"
}

% 2HDM
@article{Gunion:2002zf,
    author = "Gunion, John F. and Haber, Howard E.",
    title = "{The CP conserving two Higgs doublet model: The Approach to the decoupling limit}",
    eprint = "hep-ph/0207010",
    archivePrefix = "arXiv",
    reportNumber = "SCIPP-02-10",
    doi = "10.1103/PhysRevD.67.075019",
    journal = "Phys. Rev. D",
    volume = "67",
    pages = "075019",
    year = "2003"
}

% hMSSM
@article{Djouadi:2013uqa,
    author = "Djouadi, A. and Maiani, L. and Moreau, G. and Polosa, A. and Quevillon, J. and Riquer, V.",
    title = "{The post-Higgs MSSM scenario: Habemus MSSM?}",
    eprint = "1307.5205",
    archivePrefix = "arXiv",
    primaryClass = "hep-ph",
    reportNumber = "LPT-ORSAY-13-56",
    doi = "10.1140/epjc/s10052-013-2650-0",
    journal = "Eur. Phys. J. C",
    volume = "73",
    pages = "2650",
    year = "2013"
}

% MET+tW
@article{Pani:2017qyd,
    author = "Pani, Priscilla and Polesello, Giacomo",
    title = "{Dark matter production in association with a single top-quark at the LHC in a two-Higgs-doublet model with a pseudoscalar mediator}",
    eprint = "1712.03874",
    archivePrefix = "arXiv",
    primaryClass = "hep-ph",
    doi = "10.1016/j.dark.2018.04.006",
    journal = "Phys. Dark Univ.",
    volume = "21",
    pages = "8--15",
    year = "2018"
}

% Charged Higgs production
@article{Degrande:2015vpa,
    author = "Degrande, Celine and Ubiali, Maria and Wiesemann, Marius and Zaro, Marco",
    title = "{Heavy charged Higgs boson production at the LHC}",
    eprint = "1507.02549",
    archivePrefix = "arXiv",
    primaryClass = "hep-ph",
    reportNumber = "IPPP-15-41, DCPT-15-82, MCNET-15-17, CAVENDISH-HEP-15-04, ZU-TH-18-15",
    doi = "10.1007/JHEP10(2015)145",
    journal = "JHEP",
    volume = "10",
    pages = "145",
    year = "2015"
}

% HLRS
@article{Argyropoulos:2022ezr,
    author = "Argyropoulos, Spyros and Haisch, Ulrich",
    title = "{Benchmarking LHC searches for light 2HDM+a pseudoscalars}",
    eprint = "2202.12631",
    archivePrefix = "arXiv",
    primaryClass = "hep-ph",
    doi = "10.21468/SciPostPhys.13.1.007",
    journal = "SciPost Phys.",
    volume = "13",
    number = "1",
    pages = "007",
    year = "2022"
}

% Theory calculations for VBF+MET search
@article{Lindert:2022ejn,
    author = {Lindert, Jonas M. and Pozzorini, Stefano and Sch\"onherr, Marek},
    title = "{Precise predictions for V + 2 jet backgrounds in searches for invisible Higgs decays}",
    eprint = "2204.07652",
    archivePrefix = "arXiv",
    primaryClass = "hep-ph",
    reportNumber = "IPPP/22/22, ZU-TH 15/22",
    doi = "10.1007/JHEP01(2023)070",
    journal = "JHEP",
    volume = "01",
    pages = "070",
    year = "2023"
}

% Parameterised BDT
@article{Baldi:2016fzo,
    author = "Baldi, Pierre and Cranmer, Kyle and Faucett, Taylor and Sadowski, Peter and Whiteson, Daniel",
    title = "{Parameterized neural networks for high-energy physics}",
    eprint = "1601.07913",
    archivePrefix = "arXiv",
    primaryClass = "hep-ex",
    doi = "10.1140/epjc/s10052-016-4099-4",
    journal = "Eur. Phys. J. C",
    volume = "76",
    number = "5",
    pages = "235",
    year = "2016"
}

% LHC Higgs XSec WG
@article{LHCHiggsCrossSectionWorkingGroup,
    author = "de Florian, D. and others",
    collaboration = "LHC Higgs Cross Section Working Group",
    title = "{Handbook of LHC Higgs Cross Sections: 4. Deciphering the Nature of the Higgs Sector}",
    eprint = "1610.07922",
    archivePrefix = "arXiv",
    primaryClass = "hep-ph",
    xreportNumber = "CERN-2017-002-M, CERN-2017-002",
    howpublished = "CERN-2017-002-M, CERN-2017-002",
    doi = "10.23731/CYRM-2017-002",
    volume = "2/2017",
    month = "10",
    year = "2016"
}

% LHC DM WG: 2HDM+a future generation settings
@misc{LHCDMWG_2HDMa_gen,
  title={\textit{[2HDM+a] future generation settings}},
  url={https://groups.cern.ch/group/lhc-dmwg-contributors/Lists/Archive/Flat.aspx?RootFolder=%2Fgroup%2Flhc%2Ddmwg%2Dcontributors%2FLists%2FArchive%2F%5B2HDM%2Ba%5D%20future%20generation%20settings&FolderCTID=0x012002005558754F555BC94A8DE741034E6A95C1}
}

% Funnel regions (1)
@article{Bagnaschi:2015eha,
      author         = "Bagnaschi, E. A. and others",
      title          = "{Supersymmetric dark matter after LHC Run 1}",
      journal        = "Eur. Phys. J. C",
      volume         = "75",
      year           = "2015",
      pages          = "500",
      doi            = "10.1140/epjc/s10052-015-3718-9",
      eprint         = "1508.01173",
      archivePrefix  = "arXiv",
      primaryClass   = "hep-ph",
      reportNumber   = "KCL-PH-TH-2015-33, LCTS-2015-24, CERN-PH-TH-2015-167,
                        DESY-15-132, FTPI-MINN-15-36, UMN-TH-3445-15,
                        SLAC-PUB-16350, FERMILAB-PUB-15-333-CMS",
      SLACcitation   = "%%CITATION = ARXIV:1508.01173;%%"
}

% Funnel regions (2)
@article{Djouadi:2005dz,
      author         = "Djouadi, Abdelhak and Drees, Manuel and Kneur, Jean-Loic",
      title          = "{Neutralino dark matter in mSUGRA: Reopening the light
                        Higgs pole window}",
      journal        = "Phys. Lett. B",
      volume         = "624",
      year           = "2005",
      pages          = "60-69",
      doi            = "10.1016/j.physletb.2005.08.010",
      eprint         = "hep-ph/0504090",
      archivePrefix  = "arXiv",
      primaryClass   = "hep-ph",
      reportNumber   = "LPT-ORSAY-05-25",
      SLACcitation   = "%%CITATION = HEP-PH/0504090;%%"
}

% FastJet
@article{Cacciari:2011ma,
      author         = "Cacciari, Matteo and Salam, Gavin P. and Soyez, Gregory",
      title          = "{FastJet user manual}",
      journal        = "Eur. Phys. J. C",
      volume         = "72",
      year           = "2012",
      pages          = "1896",
      doi            = "10.1140/epjc/s10052-012-1896-2",
      eprint         = "1111.6097",
      archivePrefix  = "arXiv",
      primaryClass   = "hep-ph",
      reportNumber   = "CERN-PH-TH-2011-297",
}

% UFO
@article{Degrande:2011ua,
      author         = "Degrande, Celine and Duhr, Claude and Fuks, Benjamin and
                        Grellscheid, David and Mattelaer, Olivier and Reiter,
                        Thomas",
      title          = "{UFO - The Universal FeynRules Output}",
      journal        = "Comput. Phys. Commun.",
      volume         = "183",
      year           = "2012",
      pages          = "1201-1214",
      doi            = "10.1016/j.cpc.2012.01.022",
      eprint         = "1108.2040",
      archivePrefix  = "arXiv",
      primaryClass   = "hep-ph",
      reportNumber   = "CP3-11-25, IPHC-PHENO-11-04, IPPP-11-39, DCPT-11-78,
                        MPP-2011-68",
}

% MadGraph reweighting module
@article{Mattelaer:2016gcx,
    author = "Mattelaer, Olivier",
    title = "{On the maximal use of Monte Carlo samples: re-weighting events at NLO accuracy}",
    eprint = "1607.00763",
    archivePrefix = "arXiv",
    primaryClass = "hep-ph",
    reportNumber = "IPPP-16-55, MCNET-16-25",
    doi = "10.1140/epjc/s10052-016-4533-7",
    journal = "Eur. Phys. J. C",
    volume = "76",
    number = "12",
    pages = "674",
    year = "2016"
}

@Article{ReadCLs,
    Author = {Read, Alexander L.},
    Journal = {J. Phys. G},
    Pages = {2693},
        doi = "10.1088/0954-3899/28/10/313",
    Slaccitation = {%%CITATION = JPHGB,G28,2693;%%},
    Title = {{Presentation of search results: the $CL_S$ technique}},
    Volume = {28},
    Year = {2002}
}

@article{Moneta:2010pm,
  title         = {The RooStats Project},
  author        = {Lorenzo Moneta and others},
  year          = {2011},
  eprint        = {1009.1003},
  archiveprefix = {arXiv},
  primaryclass  = {physics.data-an}
}


@techreport{HistFactory,
      author        = "Cranmer, Kyle and Lewis, George and Moneta, Lorenzo and
                       Shibata, Akira and Verkerke, Wouter",
      title         = "{HistFactory: A tool for creating statistical models for
                       use with RooFit and RooStats}",
      institution   = "New York U.",
      collaboration = "ROOT Collaboration",
      address       = "New York",
      reportNumber  = "CERN-OPEN-2012-016",
      month         = "1",
      year          = "2012",
      url           = "https://cds.cern.ch/record/1456844",
}

% Local Hadronic Calibration
@booklet{Barillari:1112035,    
      author         = "{ATLAS Collaboration}",      
      title         = "{Local Hadronic Calibration}",
      institution   = "CERN",
      howpublished  = "ATL-LARG-PUB-2009-001-2, ATL-COM-LARG-2008-006,
                       ATL-LARG-PUB-2009-001",
      address       = "Geneva",
      year          = "2008",
      url           = "https://cds.cern.ch/record/1112035",
      xnote          = "Due to a report-number conflict with another document, the
                       report-number ATL-LARG-PUB-2009-001-2 has been assigned.",
}

% CRESST
@Article{Angloher:2015ewa,
      author         = "Angloher, G. and others",
      title          = "{Results on light dark matter particles with a
                        low-threshold CRESST-II detector}",
      collaboration  = "CRESST",
      journal        = "Eur. Phys. J. C",
      volume         = "76",
      year           = "2016",
      number         = "1",
      pages          = "25",
      doi            = "10.1140/epjc/s10052-016-3877-3",
      eprint         = "1509.01515",
      archivePrefix  = "arXiv",
      primaryClass   = "astro-ph.CO",
      SLACcitation   = "%%CITATION = ARXIV:1509.01515;%%"
}

% LUX
@Article{Akerib:2016vxi,
      author         = "Akerib, D. S. and others",
      title          = "{Results from a Search for Dark Matter in the Complete LUX Exposure}",
      collaboration  = "LUX",
      journal        = "Phys. Rev. Lett.",
      volume         = "118",
      year           = "2017",
      number         = "2",
      pages          = "021303",
      doi            = "10.1103/PhysRevLett.118.021303",
      eprint         = "1608.07648",
      archivePrefix  = "arXiv",
      primaryClass   = "astro-ph.CO",
      SLACcitation   = "%%CITATION = ARXIV:1608.07648;%%"
}

% PICO
@article{PICO:2019vsc,
    author = "Amole, C. and others",
    collaboration = "PICO",
    title = "{Dark Matter Search Results from the Complete Exposure of the PICO-60 C$_3$F$_8$ Bubble Chamber}",
    eprint = "1902.04031",
    archivePrefix = "arXiv",
    primaryClass = "astro-ph.CO",
    reportNumber = "FERMILAB-PUB-19-073-AE-E",
    doi = "10.1103/PhysRevD.100.022001",
    journal = "Phys. Rev. D",
    volume = "100",
    number = "2",
    pages = "022001",
    year = "2019"
}

%DEAP 
@article{Lai:2023qub,
    author = "Lai, Michela",
    collaboration = "DEAP-3600",
    title = "{Recent results from DEAP-3600}",
    eprint = "2302.14484",
    archivePrefix = "arXiv",
    primaryClass = "hep-ex",
    doi = "10.1088/1748-0221/18/02/C02046",
    journal = "JINST",
    volume = "18",
    number = "02",
    pages = "C02046",
    year = "2023"
}

@Article{Amaudruz:2017ekt,
      author         = "Amaudruz, P. A. and others",
      title          = "{First Results from the DEAP-3600 Dark Matter Search with Argon at SNOLAB}",
      collaboration  = "DEAP-3600",
      journal        = "Phys. Rev. Lett.",
      volume         = "121",
      year           = "2018",
      number         = "7",
      pages          = "071801",
      doi            = "10.1103/PhysRevLett.121.071801",
      eprint         = "1707.08042",
      archivePrefix  = "arXiv",
      primaryClass   = "astro-ph.CO",
      SLACcitation   = "%%CITATION = ARXIV:1707.08042;%%"
}

%PANDAX-II (e-WIMP)
@article{PandaX-II:2021nsg,
    author = "Cheng, Chen and others",
    collaboration = "PandaX-II",
    title = "{Search for Light Dark Matter-Electron Scatterings in the PandaX-II Experiment}",
    eprint = "2101.07479",
    archivePrefix = "arXiv",
    primaryClass = "hep-ex",
    doi = "10.1103/PhysRevLett.126.211803",
    journal = "Phys. Rev. Lett.",
    volume = "126",
    number = "21",
    pages = "211803",
    year = "2021"
}

% PandaX (N-WIMP)
@Article{Cui:2017nnn,
      author         = "Cui, Xiangyi and others",
      title          = "{Dark Matter Results From 54-Ton-Day Exposure of
                        PandaX-II Experiment}",
      collaboration  = "PandaX-II",
      journal        = "Phys. Rev. Lett.",
      volume         = "119",
      year           = "2017",
      number         = "18",
      pages          = "181302",
      doi            = "10.1103/PhysRevLett.119.181302",
      eprint         = "1708.06917",
      archivePrefix  = "arXiv",
      primaryClass   = "astro-ph.CO",
      SLACcitation   = "%%CITATION = ARXIV:1708.06917;%%"
}

% LZ
@article{LZ:2022ufs,
    author = "Aalbers, J. and others",
    collaboration = "LZ",
    title = "{First Dark Matter Search Results from the LUX-ZEPLIN (LZ) Experiment}",
    eprint = "2207.03764",
    archivePrefix = "arXiv",
    primaryClass = "hep-ex",
    month = "7",
    year = "2022"
}

% XENONnt
@article{XENON:2022ltv,
    author = "Aprile, E. and others",
    collaboration = "XENON",
    title = "{Search for New Physics in Electronic Recoil Data from XENONnT}",
    eprint = "2207.11330",
    archivePrefix = "arXiv",
    primaryClass = "hep-ex",
    doi = "10.1103/PhysRevLett.129.161805",
    journal = "Phys. Rev. Lett.",
    volume = "129",
    number = "16",
    pages = "161805",
    year = "2022"
}

% XENON1T
@article{PhysRevLett.122.141301,
    author = "Aprile, E. and others",
    collaboration = "XENON",
    title = "{Constraining the spin-dependent WIMP-nucleon cross sections with XENON1T}",
    eprint = "1902.03234",
    archivePrefix = "arXiv",
    primaryClass = "astro-ph.CO",
    doi = "10.1103/PhysRevLett.122.141301",
    journal = "Phys. Rev. Lett.",
    volume = "122",
    number = "14",
    pages = "141301",
    year = "2019"
}

% XENON1T MIGD
@article{PhysRevLett.123.241803,
    author = "Aprile, E. and others",
    collaboration = "XENON",
    title = "{Search for Light Dark Matter Interactions Enhanced by the Migdal Effect or Bremsstrahlung in XENON1T}",
    eprint = "1907.12771",
    archivePrefix = "arXiv",
    primaryClass = "hep-ex",
    doi = "10.1103/PhysRevLett.123.241803",
    journal = "Phys. Rev. Lett.",
    volume = "123",
    number = "24",
    pages = "241803",
    year = "2019"
}

% DarkSide
@article{DarkSide:2018kuk,
    author = "Agnes, P. and others",
    collaboration = "DarkSide",
    title = "{DarkSide-50 532-day Dark Matter Search with Low-Radioactivity Argon}",
    eprint = "1802.07198",
    archivePrefix = "arXiv",
    primaryClass = "astro-ph.CO",
    reportNumber = "FERMILAB-PUB-18-053-AD-AE-CD-E",
    doi = "10.1103/PhysRevD.98.102006",
    journal = "Phys. Rev. D",
    volume = "98",
    number = "10",
    pages = "102006",
    year = "2018"
}

% SuperCDMS
@Article{Agnese:2017njq,
      author         = "Agnese, R. and others",
      title          = "{Results from the Super Cryogenic Dark Matter Search
                        Experiment at Soudan}",
      collaboration  = "SuperCDMS",
      journal        = "Phys. Rev. Lett.",
      volume         = "120",
      year           = "2018",
      number         = "6",
      pages          = "061802",
      doi            = "10.1103/PhysRevLett.120.061802",
      eprint         = "1708.08869",
      archivePrefix  = "arXiv",
      primaryClass   = "hep-ex",
      reportNumber   = "FERMILAB-PUB-17-346-AE-E",
      SLACcitation   = "%%CITATION = ARXIV:1708.08869;%%"
}

% CDMSlite
@Article{Agnese:2017jvy,
      author         = "Agnese, R. and others",
      title          = "{Low-mass dark matter search with CDMSlite}",
      collaboration  = "SuperCDMS",
      journal        = "Phys. Rev. D",
      volume         = "97",
      year           = "2018",
      number         = "2",
      pages          = "no.2 022002",
      doi            = "10.1103/PhysRevD.97.022002",
      eprint         = "1707.01632",
      archivePrefix  = "arXiv",
      primaryClass   = "astro-ph.CO",
      reportNumber   = "FERMILAB-PUB-17-265-AE",
      SLACcitation   = "%%CITATION = ARXIV:1707.01632;%%"
}

% VERITAS ultra-heavy DM
@article{Acharyya:2023ptu,
    author = "Acharyya, A. and others",
    title = "{Search for Ultraheavy Dark Matter from Observations of Dwarf Spheroidal Galaxies with VERITAS}",
    eprint = "2302.08784",
    archivePrefix = "arXiv",
    primaryClass = "astro-ph.HE",
    doi = "10.3847/1538-4357/acbc7b",
    journal = "Astrophys. J.",
    volume = "945",
    number = "2",
    pages = "101",
    year = "2023"
}

% HESS
@article{HESS:2022ygk,
    author = "Abdalla, H. and others",
    collaboration = "H.E.S.S.",
    title = "{Search for Dark Matter Annihilation Signals in the H.E.S.S. Inner Galaxy Survey}",
    eprint = "2207.10471",
    archivePrefix = "arXiv",
    primaryClass = "astro-ph.HE",
    doi = "10.1103/PhysRevLett.129.111101",
    journal = "Phys. Rev. Lett.",
    volume = "129",
    number = "11",
    pages = "111101",
    year = "2022"
}

% MAGIC
@article{MAGIC:2021mog,
    author = "Acciari, V. A. and others",
    collaboration = "MAGIC",
    title = "{Combined searches for dark matter in dwarf spheroidal galaxies observed with the MAGIC telescopes, including new data from Coma Berenices and Draco}",
    eprint = "2111.15009",
    archivePrefix = "arXiv",
    primaryClass = "astro-ph.HE",
    doi = "10.1016/j.dark.2021.100912",
    journal = "Phys. Dark Univ.",
    volume = "35",
    pages = "100912",
    year = "2022"
}

% CTA
@article{CTA:2020qlo,
    author = "Acharyya, A. and others",
    collaboration = "CTA",
    title = "{Sensitivity of the Cherenkov Telescope Array to a dark matter signal from the Galactic centre}",
    eprint = "2007.16129",
    archivePrefix = "arXiv",
    primaryClass = "astro-ph.HE",
    doi = "10.1088/1475-7516/2021/01/057",
    journal = "JCAP",
    volume = "01",
    pages = "057",
    year = "2021"
}

%HAWC
@article{HAWC:2017udy,
    author = "Abeysekara, A. U. and others",
    collaboration = "HAWC",
    title = "{A Search for Dark Matter in the Galactic Halo with HAWC}",
    eprint = "1710.10288",
    archivePrefix = "arXiv",
    primaryClass = "astro-ph.HE",
    reportNumber = "LA-UR-17-29899, LCTP-17-01, MIT-CTP-4951",
    doi = "10.1088/1475-7516/2018/02/049",
    journal = "JCAP",
    volume = "02",
    pages = "049",
    year = "2018"
}

%IceCube
@Article{Aartsen:2018mxl,
      author         = "Aartsen, M. G. and others",
      title          = "{Search for neutrinos from decaying dark matter with
                        IceCube}",
      collaboration  = "IceCube",
      journal        = "Eur. Phys. J. C",
      volume         = "78",
      year           = "2018",
      number         = "10",
      pages          = "831",
      doi            = "10.1140/epjc/s10052-018-6273-3",
      eprint         = "1804.03848",
      archivePrefix  = "arXiv",
      primaryClass   = "astro-ph.HE",
      SLACcitation   = "%%CITATION = ARXIV:1804.03848;%%"
}

% IceCube DeepCore
@article{IceCube:2021xzo,
    author = "Abbasi, R. and others",
    collaboration = "IceCube",
    title = "{Search for GeV-scale dark matter annihilation in the Sun with IceCube DeepCore}",
    eprint = "2111.09970",
    archivePrefix = "arXiv",
    primaryClass = "astro-ph.HE",
    doi = "10.1103/PhysRevD.105.062004",
    journal = "Phys. Rev. D",
    volume = "105",
    number = "6",
    pages = "062004",
    year = "2022"
}

% Fermi-LAT
@article{Fermi-LAT:2016uux,
    author = "Albert, A. and others",
    collaboration = "Fermi-LAT, DES",
    title = "{Searching for Dark Matter Annihilation in Recently Discovered Milky Way Satellites with Fermi-LAT}",
    eprint = "1611.03184",
    archivePrefix = "arXiv",
    primaryClass = "astro-ph.HE",
    reportNumber = "FERMILAB-PUB-16-073-AE",
    doi = "10.3847/1538-4357/834/2/110",
    journal = "Astrophys. J.",
    volume = "834",
    number = "2",
    pages = "110",
    year = "2017"
}

% Fermi-LAT excess
@Article{TheFermi-LAT:2017vmf,
      author         = "Ackermann, M. and others",
      title          = "{The Fermi Galactic Center GeV Excess and Implications
                        for Dark Matter}",
      collaboration  = "Fermi-LAT",
      journal        = "Astrophys. J.",
      volume         = "840",
      year           = "2017",
      number         = "1",
      pages          = "43",
      doi            = "10.3847/1538-4357/aa6cab",
      eprint         = "1704.03910",
      archivePrefix  = "arXiv",
      primaryClass   = "astro-ph.HE",
      SLACcitation   = "%%CITATION = ARXIV:1704.03910;%%"
}

% Dark Photons with LIGO/VIRGO/KAGRA
@article{LIGOScientific:2021ffg,
    author = "Abbott, R. and others",
    collaboration = "LIGO Scientific, KAGRA, Virgo",
    title = "{Constraints on dark photon dark matter using data from LIGO\textquoteright{}s and Virgo\textquoteright{}s third observing run}",
    eprint = "2105.13085",
    archivePrefix = "arXiv",
    primaryClass = "astro-ph.CO",
    reportNumber = "LIGO-P2100098",
    doi = "10.1103/PhysRevD.105.063030",
    journal = "Phys. Rev. D",
    volume = "105",
    number = "6",
    pages = "063030",
    year = "2022"
}

% Scalar DM with GEO-600
@article{Vermeulen:2021epa,
    author = "Vermeulen, Sander M. and others",
    title = "{Direct limits for scalar field dark matter from a gravitational-wave detector}",
    eprint = "2103.03783",
    archivePrefix = "arXiv",
    primaryClass = "gr-qc",
    doi = "10.1038/s41586-021-04031-y",
    month = "3",
    year = "2021"
}

@article{DarkSide-50:2022qzh,
    author = "Agnes, P. and others",
    collaboration = "DarkSide-50",
    title = "{Search for low-mass dark matter WIMPs with 12~ton-day exposure of DarkSide-50}",
    eprint = "2207.11966",
    archivePrefix = "arXiv",
    primaryClass = "hep-ex",
    reportNumber = "FERMILAB-PUB-22-589-ND-PPD-SCD",
    doi = "10.1103/PhysRevD.107.063001",
    journal = "Phys. Rev. D",
    volume = "107",
    number = "6",
    pages = "063001",
    year = "2023"
}

@article{Aalbers:2022dzr,
    author = "Aalbers, J. and others",
    title = "{A next-generation liquid xenon observatory for dark matter and neutrino physics}",
    eprint = "2203.02309",
    archivePrefix = "arXiv",
    primaryClass = "physics.ins-det",
    reportNumber = "INT-PUB-22-003, FERMILAB-PUB-22-112-PPD-QIS-T",
    doi = "10.1088/1361-6471/ac841a",
    journal = "J. Phys. G",
    volume = "50",
    number = "1",
    pages = "013001",
    year = "2023"
}

@article{XENON:2023sxq,
    author = "Aprile, E. and others",
    collaboration = "XENON",
    title = "{First Dark Matter Search with Nuclear Recoils from the XENONnT Experiment}",
    eprint = "2303.14729",
    archivePrefix = "arXiv",
    primaryClass = "hep-ex",
    month = "3",
    year = "2023"
}

% MadDM
@article{Ambrogi:2018jqj,
    author = "Ambrogi, Federico and Arina, Chiara and Backovic, Mihailo and Heisig, Jan and Maltoni, Fabio and Mantani, Luca and Mattelaer, Olivier and Mohlabeng, Gopolang",
    title = "{MadDM v.3.0: a Comprehensive Tool for Dark Matter Studies}",
    eprint = "1804.00044",
    archivePrefix = "arXiv",
    primaryClass = "hep-ph",
    reportNumber = "CP3-18-26, MCnet-18-07, MCNET-18-07",
    doi = "10.1016/j.dark.2018.11.009",
    journal = "Phys. Dark Univ.",
    volume = "24",
    pages = "100249",
    year = "2019"
}
@Booklet{ATL-SOFT-PUB-2023-001,
    author         = "{ATLAS Collaboration}",
    title          = "{ATLAS Computing Acknowledgements}",
    howpublished   = "{ATL-SOFT-PUB-2023-001}",
    url            = "https://cds.cern.ch/record/2869272",
    year           = 2023
}